<record><leader>00000cas a22000007a 4500</leader><controlfield tag="001">12560233</controlfield><controlfield tag="008">850916d189218uuinuwr ne      0    0eng d</controlfield><datafield ind1=" " ind2=" " tag="010"><subfield code="a">sn 85048073 </subfield></datafield><datafield ind1=" " ind2=" " tag="040"><subfield code="a">NPI</subfield><subfield code="b">eng</subfield><subfield code="c">NPI</subfield><subfield code="d">OCLCQ</subfield></datafield><datafield ind1=" " ind2=" " tag="042"><subfield code="a">msc</subfield></datafield><datafield ind1="0" ind2=" " tag="130"><subfield code="a">Farmers advocate (Corydon, Ind.)</subfield></datafield><datafield ind1="1" ind2="0" tag="245"><subfield code="a">Farmers advocate.</subfield></datafield><datafield ind1=" " ind2=" " tag="260"><subfield code="a">Corydon, Ind. :</subfield><subfield code="b">Farmers' Advocate Pub. Co.</subfield></datafield><datafield ind1=" " ind2=" " tag="300"><subfield code="a">v. :</subfield><subfield code="b">ill. ;</subfield><subfield code="c">60 cm.</subfield></datafield><datafield ind1=" " ind2=" " tag="310"><subfield code="a">Weekly</subfield></datafield><datafield ind1="1" ind2=" " tag="362"><subfield code="a">Began June 1?, 1892.</subfield></datafield><datafield ind1=" " ind2=" " tag="500"><subfield code="a">"Populist" Cf. Miller, John W. Indiana newspaper bibliog.</subfield></datafield><datafield ind1=" " ind2=" " tag="588"><subfield code="a">Description based on: Vol. 1, no. 18 (Sept. 28, 1892).</subfield></datafield><datafield ind1=" " ind2=" " tag="752"><subfield code="a">United States</subfield><subfield code="b">Indiana</subfield><subfield code="c">Harrison</subfield><subfield code="d">Corydon.</subfield></datafield><datafield ind1="1" ind2=" " tag="029"><subfield code="a">AU@</subfield><subfield code="b">000025840564</subfield></datafield></record>